<record><leader>00000cas a22000007a 4500</leader><controlfield tag="001">10030159</controlfield><controlfield tag="008">831018d18181830nyuwr ne      0    0eng d</controlfield><datafield ind1=" " ind2=" " tag="010"><subfield code="a">sn 83031901 </subfield></datafield><datafield ind1=" " ind2=" " tag="040"><subfield code="a">NPU</subfield><subfield code="b">eng</subfield><subfield code="c">NPU</subfield><subfield code="d">NPX</subfield><subfield code="d">DLC</subfield><subfield code="d">NYS</subfield><subfield code="d">CNK</subfield><subfield code="d">NYS</subfield><subfield code="d">OCL</subfield><subfield code="d">KRTAS</subfield><subfield code="d">OCLCQ</subfield><subfield code="d">OCLCF</subfield><subfield code="d">OCLCO</subfield></datafield><datafield ind1="1" ind2=" " tag="029"><subfield code="a">AU@</subfield><subfield code="b">000025833473</subfield></datafield><datafield ind1=" " ind2=" " tag="042"><subfield code="a">msc</subfield></datafield><datafield ind1=" " ind2=" " tag="043"><subfield code="a">n-us-ny</subfield></datafield><datafield ind1="0" ind2="0" tag="050"><subfield code="a">Newspaper 8829-X</subfield></datafield><datafield ind1="0" ind2="4" tag="245"><subfield code="a">The Oneida observer.</subfield></datafield><datafield ind1="3" ind2="0" tag="246"><subfield code="a">Utica observer</subfield></datafield><datafield ind1=" " ind2=" " tag="260"><subfield code="a">Rome [N.Y.] :</subfield><subfield code="b">E. Dorchester</subfield></datafield><datafield ind1=" " ind2=" " tag="300"><subfield code="a">v. :</subfield><subfield code="b">ill. (chiefly advertisements) ;</subfield><subfield code="c">52-55 cm.</subfield></datafield><datafield ind1=" " ind2=" " tag="310"><subfield code="a">Weekly</subfield></datafield><datafield ind1="1" ind2=" " tag="362"><subfield code="a">Began in 1818.</subfield><subfield code="z">Cf. Brigham, C.S. Amer. newspapers.</subfield></datafield><datafield ind1="1" ind2=" " tag="362"><subfield code="a">Ceased in Dec. 1830.</subfield></datafield><datafield ind1=" " ind2=" " tag="500"><subfield code="a">For a short period in 1819 published as: Utica observer.</subfield></datafield><datafield ind1=" " ind2=" " tag="500"><subfield code="a">Published at Rome, N.Y., 1818-1820; at Utica, N.Y., 1820-1830.</subfield></datafield><datafield ind1=" " ind2=" " tag="500"><subfield code="a">Publishers: E. Dorchester, &lt;1819-1820&gt;; Augustine Gallet Dauby, &lt;1826&gt;; Augustine Gallet Dauby &amp; Elisha A. Maynard, 1826-1830.</subfield></datafield><datafield ind1=" " ind2=" " tag="588"><subfield code="a">Description based on: Vol. 3, no. 123 (May 11, 1819).</subfield></datafield><datafield ind1=" " ind2="0" tag="651"><subfield code="a">Rome (N.Y.)</subfield><subfield code="v">Newspapers.</subfield></datafield><datafield ind1=" " ind2="0" tag="651"><subfield code="a">Utica (N.Y.)</subfield><subfield code="v">Newspapers.</subfield></datafield><datafield ind1=" " ind2="0" tag="651"><subfield code="a">Oneida County (N.Y.)</subfield><subfield code="v">Newspapers.</subfield></datafield><datafield ind1=" " ind2="7" tag="655"><subfield code="a">Newspapers.</subfield><subfield code="2">fast</subfield><subfield code="0">(OCoLC)fst01423814</subfield></datafield><datafield ind1=" " ind2="7" tag="651"><subfield code="a">New York (State)</subfield><subfield code="z">Oneida County.</subfield><subfield code="2">fast</subfield><subfield code="0">(OCoLC)fst01209049</subfield></datafield><datafield ind1=" " ind2="7" tag="651"><subfield code="a">New York (State)</subfield><subfield code="z">Rome.</subfield><subfield code="2">fast</subfield><subfield code="0">(OCoLC)fst01213046</subfield></datafield><datafield ind1=" " ind2="7" tag="651"><subfield code="a">New York (State)</subfield><subfield code="z">Utica.</subfield><subfield code="2">fast</subfield><subfield code="0">(OCoLC)fst01207805</subfield></datafield><datafield ind1=" " ind2=" " tag="752"><subfield code="a">United States</subfield><subfield code="b">New York</subfield><subfield code="c">Oneida</subfield><subfield code="d">Utica.</subfield></datafield><datafield ind1=" " ind2=" " tag="752"><subfield code="a">United States</subfield><subfield code="b">New York</subfield><subfield code="c">Oneida</subfield><subfield code="d">Rome.</subfield></datafield><datafield ind1="0" ind2="0" tag="780"><subfield code="t">Utica observer (Utica, N.Y. : 1817)</subfield><subfield code="w">(DLC)sn 86053209</subfield><subfield code="w">(OCoLC)13353197</subfield></datafield><datafield ind1="0" ind2="0" tag="785"><subfield code="t">Utica observer (Utica, N.Y. : 1831)</subfield><subfield code="w">(DLC)sn 83031902</subfield><subfield code="w">(OCoLC)10030721</subfield></datafield><datafield ind1=" " ind2=" " tag="938"><subfield code="a">Kirtas Technologies, Inc.</subfield><subfield code="b">KRTS</subfield><subfield code="n">737570</subfield></datafield></record>